<record><leader>02644cam a2200481 i 4500</leader><controlfield tag="001">6785870</controlfield><controlfield tag="003">OCoLC</controlfield><controlfield tag="005">20150311091538.0</controlfield><controlfield tag="008">140721t20152015nyua     b    001 0 eng  </controlfield><datafield ind1=" " ind2=" " tag="010"><subfield code="a">  2014027323</subfield></datafield><datafield ind1=" " ind2=" " tag="015"><subfield code="a">GBB4E5587</subfield><subfield code="2">bnb</subfield></datafield><datafield ind1="7" ind2=" " tag="016"><subfield code="a">016974913</subfield><subfield code="2">Uk</subfield></datafield><datafield ind1=" " ind2=" " tag="020"><subfield code="a">9781462513321</subfield><subfield code="q">paperback</subfield></datafield><datafield ind1=" " ind2=" " tag="020"><subfield code="a">1462513328</subfield><subfield code="q">paperback</subfield></datafield><datafield ind1=" " ind2=" " tag="020"><subfield code="a">9781462519446</subfield><subfield code="q">hardcover</subfield></datafield><datafield ind1=" " ind2=" " tag="020"><subfield code="a">146251944X</subfield><subfield code="q">hardcover</subfield></datafield><datafield ind1=" " ind2=" " tag="035"><subfield code="a">ocn884440090</subfield></datafield><datafield ind1=" " ind2=" " tag="039"><subfield code="a">exclude</subfield></datafield><datafield ind1=" " ind2=" " tag="040"><subfield code="a">DLC</subfield><subfield code="e">rda</subfield><subfield code="b">eng</subfield><subfield code="c">DLC</subfield><subfield code="d">YDX</subfield><subfield code="d">UKMGB</subfield><subfield code="d">YDXCP</subfield><subfield code="d">OCLCO</subfield><subfield code="d">CDX</subfield><subfield code="d">AEU</subfield></datafield><datafield ind1=" " ind2=" " tag="042"><subfield code="a">pcc</subfield></datafield><datafield ind1="0" ind2="0" tag="050"><subfield code="a">H62</subfield><subfield code="b">.L395 2015</subfield></datafield><datafield ind1="0" ind2="0" tag="082"><subfield code="a">700.72</subfield><subfield code="2">23</subfield></datafield><datafield ind1=" " ind2=" " tag="084"><subfield code="a">SOC024000</subfield><subfield code="a">PSY030000</subfield><subfield code="a">MED058200</subfield><subfield code="a">EDU037000</subfield><subfield code="2">bisacsh</subfield></datafield><datafield ind1=" " ind2=" " tag="090"><subfield code="a">H 62 L395 2015</subfield><subfield code="b">AGPC</subfield></datafield><datafield ind1=" " ind2=" " tag="090"><subfield code="a">H62 .L395 2015</subfield><subfield code="b">AEGMCT</subfield></datafield><datafield ind1="1" ind2=" " tag="100"><subfield code="a">Leavy, Patricia,</subfield><subfield code="d">1975-</subfield><subfield code="e">author.</subfield></datafield><datafield ind1="1" ind2="0" tag="245"><subfield code="a">Method meets art :</subfield><subfield code="b">arts-based research practice /</subfield><subfield code="c">Patricia Leavy.</subfield></datafield><datafield ind1=" " ind2=" " tag="250"><subfield code="a">Second edition.</subfield></datafield><datafield ind1=" " ind2="1" tag="264"><subfield code="a">New York ;</subfield><subfield code="a">London :</subfield><subfield code="b">The Guilford Press,</subfield><subfield code="c">[2015]</subfield></datafield><datafield ind1=" " ind2="4" tag="264"><subfield code="c">&#169;2015</subfield></datafield><datafield ind1=" " ind2=" " tag="300"><subfield code="a">xxi, 328 pages :</subfield><subfield code="b">illustrations ;</subfield><subfield code="c">23 cm</subfield></datafield><datafield ind1=" " ind2=" " tag="336"><subfield code="a">text</subfield><subfield code="2">rdacontent</subfield></datafield><datafield ind1=" " ind2=" " tag="337"><subfield code="a">unmediated</subfield><subfield code="2">rdamedia</subfield></datafield><datafield ind1=" " ind2=" " tag="338"><subfield code="a">volume</subfield><subfield code="2">rdacarrier</subfield></datafield><datafield ind1=" " ind2=" " tag="504"><subfield code="a">Includes bibliographical references and indexes.</subfield></datafield><datafield ind1=" " ind2=" " tag="520"><subfield code="a">"This book presents the first comprehensive introduction to arts-based research (ABR) practices, which scholars in multiple disciplines are fruitfully using to reveal information and represent experiences that traditional methods cannot capture. Each of the six major ABR genres/m-/narrative inquiry, poetry, music, performance, dance, and visual art/m-/is covered in chapters that introduce key concepts and tools and present an exemplary research article by a leading ABR practitioner. Patricia Leavy discusses the kinds of research questions these innovative approaches can address and offers practical guidance for applying them in all phases of a research project, from design and data collection to analysis, interpretation, representation, and evaluation. Chapters include checklists to guide methodological decision making, discussion questions, and recommended print and online resources"--</subfield><subfield code="c">Provided by publisher.</subfield></datafield><datafield ind1=" " ind2=" " tag="596"><subfield code="a">28 29</subfield></datafield><datafield ind1=" " ind2="0" tag="650"><subfield code="a">Qualitative research</subfield><subfield code="x">Methodology.</subfield></datafield><datafield ind1=" " ind2="0" tag="650"><subfield code="a">Art and society.</subfield></datafield><datafield ind1=" " ind2="0" tag="650"><subfield code="a">Art and science.</subfield></datafield><datafield ind1=" " ind2=" " tag="949"><subfield code="a">H62 .L395 2015</subfield><subfield code="h">GMCT-OS-B</subfield><subfield code="i">1007405770</subfield><subfield code="p">55.02</subfield><subfield code="k">AVAIL_SOON</subfield></datafield><datafield ind1=" " ind2=" " tag="926"><subfield code="a">H62 .L395 2015</subfield><subfield code="w">LC</subfield><subfield code="c">1</subfield><subfield code="i">1007405770</subfield><subfield code="d">1/11/2017</subfield><subfield code="e">12/29/2016</subfield><subfield code="l">ON_SHELF</subfield><subfield code="m">GR_MACEWAN</subfield><subfield code="n">17</subfield><subfield code="p">$55.02</subfield><subfield code="r">Y</subfield><subfield code="s">Y</subfield><subfield code="t">BOOK</subfield><subfield code="u">3/18/2015</subfield></datafield><datafield ind1=" " ind2=" " tag="926"><subfield code="a">H 62 L395 2015</subfield><subfield code="w">LC</subfield><subfield code="c">1</subfield><subfield code="i">31847001279196</subfield><subfield code="d">4/7/2017</subfield><subfield code="e">4/7/2017</subfield><subfield code="k">CHECKEDOUT</subfield><subfield code="l">ON_SHELF</subfield><subfield code="m">GPRC_GP</subfield><subfield code="n">18</subfield><subfield code="p">$150.00</subfield><subfield code="r">M</subfield><subfield code="s">Y</subfield><subfield code="t">BOOK</subfield><subfield code="u">5/8/2015</subfield></datafield></record>